<?xml version="1.0" encoding="UTF-8"?>
<marc:record xmlns:marc="http://www.loc.gov/MARC21/slim" xmlns:xsi="http://www.w3.org/2001/XMLSchema-instance" xsi:schemaLocation="http://www.loc.gov/standards/marcxml/schema/MARC21slim.xsd">
  <marc:leader>00000ncc a2200000 u 4500</marc:leader>
  <marc:controlfield tag="001">990034150</marc:controlfield>
  <marc:controlfield tag="003">DE-633</marc:controlfield>
  <marc:controlfield tag="005">20181216091008.0</marc:controlfield>
  <marc:controlfield tag="008">161111##################################</marc:controlfield>
  <marc:datafield tag="035" ind1=" " ind2=" ">
    <marc:subfield code="a">K 1348</marc:subfield>
  </marc:datafield>
  <marc:datafield tag="040" ind1=" " ind2=" ">
    <marc:subfield code="a">DE-633</marc:subfield>
  </marc:datafield>
  <marc:datafield tag="100" ind1="1" ind2=" ">
    <marc:subfield code="a">Kościuszko, Tadeusz</marc:subfield>
    <marc:subfield code="d">1746-1817</marc:subfield>
    <marc:subfield code="0">pe30014456</marc:subfield>
  </marc:datafield>
  <marc:datafield tag="240" ind1="1" ind2="0">
    <marc:subfield code="a">Polonaises</marc:subfield>
    <marc:subfield code="m">pf</marc:subfield>
    <marc:subfield code="0">3900011</marc:subfield>
  </marc:datafield>
  <marc:datafield tag="245" ind1="1" ind2="0">
    <marc:subfield code="a">Two polonoises and a waltz composed for the patriotic army of Poland [pf] [s.l., "printed for M. Josephls"]</marc:subfield>
  </marc:datafield>
  <marc:datafield tag="510" ind1=" " ind2=" ">
    <marc:subfield code="a">RISM A/I</marc:subfield>
    <marc:subfield code="c">K 1348</marc:subfield>
  </marc:datafield>
  <marc:datafield tag="593" ind1="1" ind2="0">
    <marc:subfield code="a">Print</marc:subfield>
    <marc:subfield code="8">01</marc:subfield>
  </marc:datafield>
  <marc:datafield tag="599" ind1=" " ind2=" ">
    <marc:subfield code="b">full</marc:subfield>
  </marc:datafield>
  <marc:datafield tag="710" ind1=" " ind2=" ">
    <marc:subfield code="a">Josephls, M.</marc:subfield>
    <marc:subfield code="0">ks40005571</marc:subfield>
    <marc:subfield code="4">pbl</marc:subfield>
    <marc:subfield code="3"/>
  </marc:datafield>
  <marc:datafield tag="852" ind1="1" ind2="0">
    <marc:subfield code="a">GB-Lbl</marc:subfield>
    <marc:subfield code="e">The British Library</marc:subfield>
    <marc:subfield code="x">ks30001581</marc:subfield>
    <marc:subfield code="3">130821</marc:subfield>
    <marc:subfield code="c">[no indication]</marc:subfield>
    <marc:subfield code="p"/>
    <marc:subfield code="q"/>
    <marc:subfield code="u"/>
    <marc:subfield code="z"/>
  </marc:datafield>
  <marc:datafield tag="852" ind1="1" ind2="0">
    <marc:subfield code="a">PL-Wn</marc:subfield>
    <marc:subfield code="e">Biblioteka Narodowa</marc:subfield>
    <marc:subfield code="x">ks30000118</marc:subfield>
    <marc:subfield code="3">130822</marc:subfield>
    <marc:subfield code="c">[no indication]</marc:subfield>
    <marc:subfield code="p"/>
    <marc:subfield code="q"/>
    <marc:subfield code="u"/>
    <marc:subfield code="z"/>
  </marc:datafield>
</marc:record>
